@online{BeautifulSoup,
  title = {Beautiful Soup Documentation â€” Beautiful Soup 4.4.0 documentation},
  url = {https://www.crummy.com/software/BeautifulSoup/bs4/doc/},
}


@online{Bash,
  title = {Root\_.me},
  url = {https://www.root-me.org/?lang=en},
}


@online{html,
  title = {Hypertext Markup Language},
  url = {https://fr.wikipedia.org/wiki/Hypertext_Markup_Language},
}

@online{css,
  title = {Feuilles de style en cascade},
  url = {https://fr.wikipedia.org/wiki/Feuilles_de_style_en_cascade},
}


@online{stack,
  title = {Stack Overflow},
  url = {http://stackoverflow.com/},
}

@online{git,
  title = {A successful Git branching model},
  url = {http://nvie.com/posts/a-successful-git-branching-model/},
}

